@mastersthesis{stankiewicz2017modelo,
  title = {Modelo de interação ágil: uma adaptação do modelo cascata à organização de pequenas e médias empresas},
  author = {Stankiewicz, Alessandro},
  type = {{B.S.} thesis},
  year = {2017},
  school = {Universidade Tecnológica Federal do Paraná}
 }
 
 @Book{knuth:84,
  author = 	 {Donald E. Knuth},
  title = 	 {The {\TeX} Book},
  publisher = 	 {Addison-Wesley},
  year = 	 {1984},
  edition = 	 {15th}
}

@InCollection{boulic:91,
  author = 	 {R. Boulic and O. Renault},
  title = 	 {3D Hierarchies for Animation},
  booktitle = 	 {New Trends in Animation and Visualization},
  publisher =    {John Wiley {\&} Sons ltd.},
  year = 	 {1991},
  editor = 	 {Nadia Magnenat-Thalmann and Daniel Thalmann}
}

@InCollection{smith:99,
  author = 	 {A. Smith and B. Jones},
  title = 	 {On the Complexity of Computing},
  booktitle = 	 {Advances in Computer Science},
  pages = 	 {555--566},
  publisher =    {Publishing Press},
  year = 	 {1999},
  editor = 	 {A. B. Smith-Jones}
}

@inproceedings{susuki,
  title={O processo de desenvolvimento de ambientes virtuais: a busca por uma metodologia},
  author={Suzuki, Vanessa and Hounsell, M da S and Kemczinski, Avanilde},
  booktitle={Global Congress on Engineering and Technology Education, Bertioga, SP, GCETE},
  pages={521--525},
  year={2005}
}

@article{soares,
  title={Requisitos para utiliza{\c{c}}{\~a}o de prototipagem evolutiva nos processos de desenvolvimento de software para Web},
  author={Soares, Bruno C and Resende, Rodolfo SF},
  journal={Universidade Federal de Minas Gerais (UFMG), Belo Horizonte--MG},
  year={2007}
}

@article{levantamentoRequisitos,
  title={Levantamento de requisitos no desenvolvimento {\'a}gil de software},
  author={de Mendon{\c{c}}a, Ricardo Augusto Ribeiro},
  journal={Semana da Ci{\^e}ncia e Tecnologia da PUC Goi{\'a}s},
  pages={12},
  year={2014}
}
@article{mvp,
  title={DESENVOLVIMENTO DE UM PRODUTO M{\'I}NIMO VI{\'A}VEL DE UM SOFTWARE DE GEST{\~A}O DE EVENTOS ATRAV{\'E}S DA METODOLOGIA SCRUM},
  author={de Fora, Juiz and de Faria, Gabriel d’agosto Pache},
  year={2021}
}

@Article{Lei:12305:2010,
  author       = {Brasil},
  title        = {Lei nº 12.305, de 02 de agosto de 2010},
  nota         = {Institui a Política Nacional de Resíduos Sólidos; altera a Lei no 9.605, de 12 de fevereiro de 1998; e dá outras providências.},
  journal      = {Diário Oficial [da] República Federativa do Brasil},
  year         = {2010},
  date         = {2012-08-03},
  organization = {Brasil},
  issn         = {1676-2339},
  url          = {http://www.planalto.gov.br/ccivil_03/_ato2007-2010/2010/lei/l12305.htm},
  urldate      = {2021-11-19},
  address      = {Brasília, DF},
  shorttitle   = {Lei nº 12.305/2010}
}

@Misc{Senado,
author = {{Senado Federal - Agência Senado}},
title = {Aumento da produção de lixo no Brasil requer ação coordenada entre governos e cooperativas de catadores},
howpublished={Disponível em: \url{encurtador.com.br/fpCGJ}. Acesso em: 21-09-09},
year = {2021}
}

@Misc{Ipea,
author = {{Instituto de pesquisa econômica aplicada}},
title = {Brasil perde R\$ 8 bilhões anualmente por não reciclar},
howpublished={Disponível em: \url{encurtador.com.br/ILRY0}. Acesso em: 21-10-15},
year = {2010}
}

@book{GuiaSoftwarer,
  title={Guia pr{\'a}tico de engenharia de software},
  author={Lobo, Edson JR},
  year={2009},
  publisher={Universo dos Livros Editora}
}
